<record><leader>00000cas a22000007a 4500</leader><controlfield tag="001">37662571</controlfield><controlfield tag="008">970922d190u190uokuwr n       0    0eng d</controlfield><datafield ind1=" " ind2=" " tag="010"><subfield code="a">sn 97070255 </subfield></datafield><datafield ind1=" " ind2=" " tag="040"><subfield code="a">OBN</subfield><subfield code="b">eng</subfield><subfield code="c">OBN</subfield><subfield code="d">OCLCQ</subfield><subfield code="d">OCLCF</subfield><subfield code="d">OCLCO</subfield></datafield><datafield ind1="1" ind2=" " tag="029"><subfield code="a">AU@</subfield><subfield code="b">000013504104</subfield></datafield><datafield ind1=" " ind2=" " tag="042"><subfield code="a">msc</subfield></datafield><datafield ind1=" " ind2=" " tag="043"><subfield code="a">n-us-ok</subfield></datafield><datafield ind1="0" ind2=" " tag="130"><subfield code="a">Weekly journal (Chickasha, Okla.)</subfield></datafield><datafield ind1="1" ind2="4" tag="245"><subfield code="a">The weekly journal.</subfield></datafield><datafield ind1="3" ind2=" " tag="246"><subfield code="a">Journal</subfield></datafield><datafield ind1="3" ind2=" " tag="246"><subfield code="a">Chickasha journal</subfield></datafield><datafield ind1=" " ind2=" " tag="260"><subfield code="a">Chickasha, Ind. Ter. [Okla.] :</subfield><subfield code="b">Frank Shatzel</subfield></datafield><datafield ind1=" " ind2=" " tag="300"><subfield code="a">v.</subfield></datafield><datafield ind1=" " ind2=" " tag="310"><subfield code="a">Weekly</subfield></datafield><datafield ind1=" " ind2=" " tag="588"><subfield code="a">Description based on: Vol. 1, no. 29 (June 3, 1904).</subfield></datafield><datafield ind1=" " ind2="0" tag="651"><subfield code="a">Chickasha (Okla.)</subfield><subfield code="v">Newspapers.</subfield></datafield><datafield ind1=" " ind2="0" tag="651"><subfield code="a">Grady County (Okla.)</subfield><subfield code="v">Newspapers.</subfield></datafield><datafield ind1=" " ind2="0" tag="651"><subfield code="a">Indian Territory</subfield><subfield code="v">Newspapers.</subfield></datafield><datafield ind1=" " ind2="7" tag="655"><subfield code="a">Newspapers.</subfield><subfield code="2">fast</subfield><subfield code="0">(OCoLC)fst01423814</subfield></datafield><datafield ind1=" " ind2="7" tag="651"><subfield code="a">Oklahoma</subfield><subfield code="z">Chickasha.</subfield><subfield code="2">fast</subfield><subfield code="0">(OCoLC)fst01220340</subfield></datafield><datafield ind1=" " ind2="7" tag="651"><subfield code="a">Oklahoma</subfield><subfield code="z">Grady County.</subfield><subfield code="2">fast</subfield><subfield code="0">(OCoLC)fst01223118</subfield></datafield><datafield ind1=" " ind2="7" tag="651"><subfield code="a">Oklahoma</subfield><subfield code="z">Indian Territory.</subfield><subfield code="2">fast</subfield><subfield code="0">(OCoLC)fst01225150</subfield></datafield><datafield ind1=" " ind2=" " tag="752"><subfield code="a">United States</subfield><subfield code="b">Oklahoma</subfield><subfield code="c">Grady</subfield><subfield code="d">Chickasha.</subfield></datafield><datafield ind1="0" ind2="0" tag="785"><subfield code="t">Chickasha journal (Chickasha, Okla. : 1905)</subfield><subfield code="w">(DLC)sn 97070256</subfield><subfield code="w">(OCoLC)37662767</subfield></datafield></record>